<?xml version="1.0" encoding="UTF-8"?><collection xmlns="http://www.loc.gov/MARC21/slim"><record><leader>00537nam--2200133-i-4500</leader><controlfield tag="001">000036952</controlfield><controlfield tag="002">20161230</controlfield><controlfield tag="005">20161230201041</controlfield><controlfield tag="008">060222s1000------------r-----000-0-eng-d</controlfield><datafield ind1=" " ind2=" " tag="080"><subfield code="a">616.34.008.895.1:539.16:615.37</subfield></datafield><datafield ind1=" " ind2=" " tag="245"><subfield code="a">Production and utilization of radiation vaccines against helminthic diseases. report of a panel on the production and utiilization of radiation vaccines against helminthic diseases held in vienna  16-18 december 1963. 84 p</subfield></datafield><datafield ind1=" " ind2=" " tag="260"><subfield code="a">Vienna, Iaea.,1964. 84 P</subfield></datafield><datafield ind1=" " ind2=" " tag="490"><subfield code="a">Technical Report Series</subfield></datafield><datafield ind1=" " ind2=" " tag="852"><subfield code="a">1875</subfield></datafield></record></collection>